<record xmlns="http://www.loc.gov/MARC21/slim" xmlns:xsi="http://www.w3.org/2001/XMLSchema-instance" xsi:schemaLocation="http://www.loc.gov/MARC21/slim http://www.loc.gov/standards/marcxml/schema/MARC21slim.xsd"><leader>     nam a22        4500</leader><controlfield tag="001">3063528</controlfield><controlfield tag="003">NNC</controlfield><controlfield tag="006">m        d        </controlfield><controlfield tag="007">cr cn |||m|||a</controlfield><controlfield tag="008">150602s1953    le      o     000 0 arard</controlfield><datafield ind1=" " ind2=" " tag="040"><subfield code="a">NNU</subfield><subfield code="b">eng</subfield><subfield code="e">rda</subfield><subfield code="c">NNU</subfield></datafield><datafield ind1=" " ind2="4" tag="050"><subfield code="a">B746</subfield><subfield code="b">.F25 1953</subfield></datafield><datafield ind1="1" ind2=" " tag="100"><subfield code="6">880-01</subfield><subfield code="a">Farru&#772;kh, &#699;Umar,</subfield><subfield code="d">1906-</subfield></datafield><datafield ind1="1" ind2="0" tag="245"><subfield code="6">880-02</subfield><subfield code="a">Ikhwa&#772;n al-s&#803;afa&#772;&#700; :</subfield><subfield code="b">dars, &#699;ard&#803;, tah&#803;li&#772;l /</subfield><subfield code="c">ta&#700;li&#772;f &#699;Umar Farru&#772;kh.</subfield></datafield><datafield ind1="1" ind2="4" tag="246"><subfield code="a">Ikhwan us-safa</subfield></datafield><datafield ind1=" " ind2=" " tag="260"><subfield code="6">880-03</subfield><subfield code="a">Bayru&#772;t :</subfield><subfield code="b">Manshu&#772;ra&#772;t Maktabat Maymanah,</subfield><subfield code="c">1953.</subfield></datafield><datafield ind1=" " ind2=" " tag="300"><subfield code="a">online resource (165 pages)</subfield></datafield><datafield ind1=" " ind2=" " tag="336"><subfield code="a">text</subfield><subfield code="2">rdacontent</subfield></datafield><datafield ind1=" " ind2=" " tag="337"><subfield code="a">computer</subfield><subfield code="2">rdamedia</subfield></datafield><datafield ind1=" " ind2=" " tag="338"><subfield code="a">online resource</subfield><subfield code="2">rdacarrier</subfield></datafield><datafield ind1="1" ind2=" " tag="490"><subfield code="6">880-04</subfield><subfield code="a">Dira&#772;sa&#772;t qas&#803;i&#772;rah fi&#772; al-adab wa-al-ta&#772;ri&#772;kh wa-al-falsafah ;</subfield><subfield code="v">15</subfield></datafield><datafield ind1=" " ind2=" " tag="500"><subfield code="a">Part of the Arabic Collections Online (ACO) project, contributed by Columbia University Libraries.</subfield></datafield><datafield ind1=" " ind2=" " tag="533"><subfield code="a">Electronic reproduction.</subfield><subfield code="b">New York, N.Y. :</subfield><subfield code="c">New York University,</subfield><subfield code="d">2015.</subfield><subfield code="5">NNU</subfield></datafield><datafield ind1="2" ind2="0" tag="610"><subfield code="a">Ikhwa&#772;n al-S&#803;afa&#772;&#700;.</subfield></datafield><datafield ind1="2" ind2="7" tag="610"><subfield code="a">Ikhwa&#772;n al-S&#803;afa&#772;&#700;</subfield><subfield code="2">fast</subfield><subfield code="0">(OCoLC)fst00558573</subfield></datafield><datafield ind1="2" ind2=" " tag="710"><subfield code="a">Columbia University.</subfield><subfield code="b">Libraries.</subfield></datafield><datafield ind1="0" ind2=" " tag="730"><subfield code="a">Arabic Collections Online.</subfield></datafield><datafield ind1="0" ind2="8" tag="776"><subfield code="i">Print version:</subfield><subfield code="a">Farru&#772;kh, &#699;Umar, 1906-</subfield><subfield code="t">Ikhwa&#772;n al-s&#803;afa&#772;&#700;</subfield><subfield code="w">(NNC)3063528</subfield><subfield code="w">(OCoLC)23508668</subfield></datafield><datafield ind1="1" ind2=" " tag="800"><subfield code="6">880-05</subfield><subfield code="a">Farru&#772;kh, &#699;Umar,</subfield><subfield code="d">1906-</subfield><subfield code="t">Dira&#772;sa&#772;t qas&#803;i&#772;rah fi&#772; al-adab wa-al-ta&#772;ri&#772;kh wa-al-falsafah ;</subfield><subfield code="v">15. </subfield></datafield><datafield ind1="4" ind2="0" tag="856"><subfield code="u">http://hdl.handle.net/2333.1/wstqjsj7</subfield></datafield><datafield ind1="1" ind2=" " tag="880"><subfield code="6">100-01</subfield><subfield code="a">&#1601;&#1585;&#1608;&#1582;&#1548; &#1593;&#1605;&#1585;&#1548;</subfield><subfield code="d">1906-</subfield></datafield><datafield ind1="1" ind2="0" tag="880"><subfield code="6">245-02</subfield><subfield code="a">&#1575;&#1582;&#1608;&#1575;&#1606; &#1575;&#1604;&#1589;&#1601;&#1575;&#1569; :</subfield><subfield code="b">&#1583;&#1585;&#1587;&#1548; &#1593;&#1585;&#1590;&#1548; &#1578;&#1581;&#1604;&#1610;&#1604; /</subfield><subfield code="c">&#1578;&#1571;&#1604;&#1610;&#1601; &#1593;&#1605;&#1585; &#1601;&#1585;&#1608;&#1582;.</subfield></datafield><datafield ind1=" " ind2=" " tag="880"><subfield code="6">260-03</subfield><subfield code="a">&#1576;&#1610;&#1585;&#1608;&#1578; :</subfield><subfield code="b">&#1605;&#1606;&#1588;&#1608;&#1585;&#1575;&#1578; &#1605;&#1603;&#1578;&#1576;&#1577; &#1605;&#1610;&#1605;&#1606;&#1577;&#1548;</subfield><subfield code="c">1953.</subfield></datafield><datafield ind1="1" ind2=" " tag="880"><subfield code="6">490-04</subfield><subfield code="a">&#1583;&#1585;&#1575;&#1587;&#1575;&#1578; &#1602;&#1589;&#1610;&#1585;&#1577; &#1601;&#1610; &#1575;&#1604;&#1575;&#1583;&#1576; &#1608;&#1575;&#1604;&#1578;&#1575;&#1585;&#1610;&#1582; &#1608;&#1575;&#1604;&#1601;&#1604;&#1587;&#1601;&#1577; &#1563;</subfield><subfield code="v">15</subfield></datafield><datafield ind1="1" ind2=" " tag="880"><subfield code="6">800-05</subfield><subfield code="a">&#1601;&#1585;&#1608;&#1582;&#1548; &#1593;&#1605;&#1585;&#1548;</subfield><subfield code="d">1906</subfield><subfield code="t">&#1583;&#1585;&#1575;&#1587;&#1575;&#1578; &#1602;&#1589;&#1610;&#1585;&#1577; &#1601;&#1610; &#1575;&#1604;&#1575;&#1583;&#1576; &#1608;&#1575;&#1604;&#1578;&#1575;&#1585;&#1610;&#1582; &#1608;&#1575;&#1604;&#1601;&#1604;&#1587;&#1601;&#1577; &#1563;</subfield><subfield code="v">15. </subfield></datafield><datafield ind1=" " ind2=" " tag="959"><subfield code="a">NNU</subfield><subfield code="b">WEB</subfield><subfield code="c">GENI</subfield><subfield code="t">0</subfield><subfield code="m">Electronic access</subfield><subfield code="s">01</subfield></datafield><datafield ind1=" " ind2=" " tag="999"><subfield code="i">NNC_3063528</subfield><subfield code="o">(OCoLC)ocm23508668</subfield><subfield code="s">columbia_aco000576</subfield><subfield code="e">(ERROR-880)</subfield><subfield code="s">columbia_aco000576</subfield></datafield></record>